<record><leader>00000cas a22000007a 4500</leader><controlfield tag="001">31224882</controlfield><controlfield tag="008">941005d1910191umauwr ne      0    0eng d</controlfield><datafield ind1=" " ind2=" " tag="010"><subfield code="a">sn 94055884 </subfield></datafield><datafield ind1=" " ind2=" " tag="040"><subfield code="a">MGN</subfield><subfield code="b">eng</subfield><subfield code="c">MGN</subfield><subfield code="d">OCLCQ</subfield></datafield><datafield ind1=" " ind2=" " tag="042"><subfield code="a">msc</subfield></datafield><datafield ind1="0" ind2="4" tag="245"><subfield code="a">The common weal.</subfield></datafield><datafield ind1="3" ind2="0" tag="246"><subfield code="a">Commonweal</subfield></datafield><datafield ind1=" " ind2=" " tag="260"><subfield code="a">Danvers, Mass. :</subfield><subfield code="b">Andrew H. Paton</subfield></datafield><datafield ind1=" " ind2=" " tag="300"><subfield code="a">v.</subfield></datafield><datafield ind1=" " ind2=" " tag="310"><subfield code="a">Weekly, July 12,</subfield><subfield code="b">1912-&lt;May 22, 1913&gt;</subfield></datafield><datafield ind1=" " ind2=" " tag="321"><subfield code="a">Weekly,</subfield><subfield code="b">1910-Mar. 22, 1912</subfield></datafield><datafield ind1=" " ind2=" " tag="321"><subfield code="a">Daily (except Sun.),</subfield><subfield code="b">Mar. 28-Apr. 20, 1912</subfield></datafield><datafield ind1="0" ind2=" " tag="362"><subfield code="a">Vol. 1, no. 1 (Nov. 5, 1910)-</subfield></datafield><datafield ind1=" " ind2=" " tag="515"><subfield code="a">Suspended between Apr. 20 and July 12, 1912.</subfield></datafield><datafield ind1=" " ind2=" " tag="752"><subfield code="a">United States</subfield><subfield code="b">Massachusetts</subfield><subfield code="c">Essex</subfield><subfield code="d">Danvers.</subfield></datafield><datafield ind1="0" ind2="4" tag="785"><subfield code="t">Tri-town weekly press</subfield><subfield code="w">(DLC)sn 94055885</subfield></datafield></record>